@Misc{automata-from-regex,
howpublished = {\url{https://github.com/sdht0/automata-from-regex}},
title = {automata-from-regex},
author = {sdht0}
}
@Misc{learn-regex,
howpublished = {\url{https://github.com/ziishaned/learn-regex}},
title = {learn regex--the easy way},
author = {ziishaned}
}
@Misc{recursive-descent,
howpublished = {\url{http://matt.might.net/articles/parsing-regex-with-recursive-descent/}},
title = {Parsing regular expressions with recursive descent},
author = {mattmight}
}


@book{alfred_v_aho_compilers_2006,
	edition = {2},
	title = {Compilers, principles, techniques},
	volume = {7},
	publisher = {Addison Wesley},
	author = {{Alfred V Aho} and {Ravi Sethi} and {Jeffrey D Ullman}},
	year = {2006}
}
https://sphinx-rtd-tutorial.readthedocs.io/en/latest/docstrings.html
https://docs.python.org/3/library/exceptions.html
