@Misc{automata-from-regex,
howpublished = {\url{https://github.com/sdht0/automata-from-regex}},
title = {automata-from-regex},
author = {sdht0}
}


@book{alfred_v_aho_compilers_2006,
	edition = {2},
	title = {Compilers, principles, techniques},
	volume = {7},
	publisher = {Addison Wesley},
	author = {{Alfred V Aho} and {Ravi Sethi} and {Jeffrey D Ullman}},
	year = {2006}
}
