@book{alfred_v_aho_compilers_2006,
	edition = {2},
	title = {Compilers, principles, techniques},
	volume = {7},
	publisher = {Addison Wesley},
	author = {{Alfred V Aho} and {Ravi Sethi} and {Jeffrey D Ullman}},
	year = {2006}
}
https://sphinx-rtd-tutorial.readthedocs.io/en/latest/docstrings.html
https://docs.python.org/3/library/exceptions.html
